% Encoding: UTF-8

@misc{HDL,
	author = {Wikipedia},
	title = {Lengiaje de Descripción Hardware},
	year = {2018},
	note = {Accedido 01-10-201},
	howpublished = {\url{https://es.wikipedia.org/wiki/Lenguaje_de_descripci%C3%B3n_de_hardware}},

}

@misc{Altium,
	author = {},
	title = {Altium Designer},
	year = {},
	note = {},
	howpublished = {\url{https://www.altium.com/altium-designer/}},
	
}

@misc{FPGAWhat,
	author = {},
	title = {What is a FPGA?},
	year = {2018},
	note = {Accedido 23-05-2018},
	howpublished = {\url{http://fpgayxilinx.blogspot.com/2016/08/cuando-se-aborda-el-diseno-de-un.html}}},
	
}

@misc{MC33926,
	author = {},
	title = {Driver para motor MC33926},
	year = {},
	note = {},
	howpublished = {\url{https://www.pololu.com/product/1213}},
	
}

@ARTICLE{7112017, 
	author={L. M. Lizarraga Orozco and G. Ronquillo Lomeli and J. G. Rios Moreno and M. Trejo Perea}, 
	journal={IEEE Latin America Transactions}, 
	title={Identification Inverted Pendulum System using Multilayer and Polynomial Neural Networks}, 
	year={2015}, 
	volume={13}, 
	number={5}, 
	pages={1569-1576}, 
	keywords={backpropagation;feedforward neural nets;fuzzy control;identification;learning systems;neurocontrollers;nonlinear control systems;pendulums;identification inverted pendulum system;polynomial neural networks;multilayer neural networks;feedforward multilayer network;backpropagation learning method;Volterra polynomial basis function network;fuzzy logic controller;operation point;RNA;Torque;Mathematical model;Polynomials;Biological neural networks;Nonhomogeneous media;Computational modeling;Basis function;Identification;Inverted pendulum;Neural Networks;Nonlinear system;Volterra polynomials}, 
	doi={10.1109/TLA.2015.7112017}, 
	ISSN={1548-0992}, 
	month={May},}

@inproceedings{fpgabiorobots,  title={Hybrid Bio-Inspired Architecture for Walking Robots through Central Pattern Generators Using Open Source FPGAs.},
	author={Caro, Julián and Barrientos, Antonio and Mayas, Enric},
	booktitle={Intelligent Robots and Systems, 2018.(IROS 2018). 2018 IEEE/RSJ International Conference on},
	volume={-},
	pages={-},
	year={2018},
	organization={IEEE},

@misc{vga,
	author = {Juan Ordoñez},
	title = {Vídeo demostrativo VGA module},
	year = {2018},
	note = {},
	howpublished = {\url{https://www.youtube.com/watch?v=b3I2MBhlZ9g}},	
}



@misc{MC33926_datasheet,
	author = {Freescale Semiconductor},
	title = {Technical Data MC33926},
	year = {2014},
	note = {},
	howpublished = {\url{https://www.pololu.com/product/1213}},
	
}

@misc{Repo_GitHub,
	author = {Juan Ordoñez},
	title = {Repositorio GitHub},
	year = {},
	note = {},
	howpublished = {\url{https://github.com/RoboticsURJC-students/2017-tfg-juan-ordonez}},
	
}

@misc{SolidWorks,
	author = {},
	title = {SolidWorks},
	year = {},
	note = {},
	howpublished = {\url{https://www.solidworks.com/es}},
	
}

@INPROCEEDINGS{496013, 
	author={C. Dawson and S. K. Pattanam and D. Roberts}, 
	booktitle={Proceedings. IEEE International Verilog HDL Conference}, 
	title={The Verilog Procedural Interface for the Verilog Hardware Description Language}, 
	year={1996}, 
	volume={}, 
	number={}, 
	pages={17-23}, 
	keywords={hardware description languages;application program interfaces;IEEE standards;software standards;circuit analysis computing;logic CAD;Verilog Procedural Interface;Verilog Hardware Description Language;C programming interface;Verilog HDL based tools;simulators;synthesizers;timing analyzers;parsers;IEEE 1364 Programming Language Interface standard;third generation procedural interface;consistent object-oriented access;Verilog-HDL based simulation;Verilog-XL 2.2 simulator;Verilog-XL 2.3 simulator;Hardware design languages;Object oriented modeling;Computer languages;Analytical models;Synthesizers;Timing;Logic programming;Application software;Delay;Software testing}, 
	doi={10.1109/IVC.1996.496013}, 
	ISSN={1085-9403}, 
	month={Feb},}

@ARTICLE{1435497, 
	author={K. Pathak and J. Franch and S. K. Agrawal}, 
	journal={IEEE Transactions on Robotics}, 
	title={Velocity and position control of a wheeled inverted pendulum by partial feedback linearization}, 
	year={2005}, 
	volume={21}, 
	number={3}, 
	pages={505-513}, 
	keywords={velocity control;position control;mobile robots;nonlinear control systems;feedback;controllability;control system synthesis;Lyapunov methods;stability;position control;velocity control;wheeled inverted pendulum;partial feedback linearization;controllability;underactuated systems;Lyapunov methods;mobile robots;Position control;Feedback;Vehicle dynamics;Equations;Vehicles;Wheels;Velocity control;Controllability;Mobile robots;Nonlinear systems;Lyapunov methods;mobile robots;modeling;nonlinear systems;position control;velocity control}, 
	doi={10.1109/TRO.2004.840905}, 
	ISSN={1552-3098}, 
	month={June},}	

@misc{GitHub,
	author = {},
	title = {GitHub},
	year = {},
	note = {},
	howpublished = {\url{https://github.com/}},
	
}

@misc{Appear,
	author = {},
	title = {Appear},
	year = {},
	note = {},
	howpublished = {\url{https://appear.in/}},
	
}

@misc{Alhambra,
	author = {},
	title = {Tarjeta IceZum Alhambra II},
	year = {},
	note = {},
	howpublished = {\url{https://alhambrabits.com/alhambra/}},
	
}


@INPROCEEDINGS{6845943, 
	author={L. H. Yu and F. Jian}, 
	booktitle={2014 International Symposium on Computer, Consumer and Control}, 
	title={An Inverted Pendulum Fuzzy Controller Design and Simulation}, 
	year={2014}, 
	volume={}, 
	number={}, 
	pages={557-559}, 
	keywords={control system synthesis;fuzzy control;nonlinear control systems;pendulums;robust control;inverted pendulum fuzzy controller design;inverted pendulum fuzzy controller simulation;controller output;control characteristics;robustness;inverted pendulum stabilization function;Fuzzy control;Mathematical model;Niobium;PD control;Equations;Electrical engineering;Inverted pendulum;Fuzzy controller;Simulation}, 
	doi={10.1109/IS3C.2014.151}, 
	ISSN={}, 
	month={June},}

@misc{Pendulo,
	author = {Wikipedia},
	title = {Pendulo},
	year = {2018},
	note = {Accedido 01-10-201},
	howpublished = {\url{https://es.wikipedia.org/wiki/P%C3%A9ndulo}},
	
}

@misc{PID,
	author = {National Instruments},
	title = {PID Control},
	year = {2018},
	note = {Accedido 01-10-201},
	howpublished = {\url{http://www.ni.com/white-paper/3782/en/}},
	
}
@misc{Sensor,
	author = {Wikipedia},
	title = {Sensor},
	year = {2018},
	note = {Accedido 01-10-201},
	howpublished = {\url{https://es.wikipedia.org/wiki/Sensor}},
	
}
@Comment{jabref-meta: databaseType:bibtex;}
